<?xml version = "1.0" encoding = "UTF-8"?><OAI-PMH xmlns="http://www.openarchives.org/OAI/2.0/" xmlns:xsi="http://www.w3.org/2001/XMLSchema-instance" xsi:schemaLocation="http://www.openarchives.org/OAI/2.0/ http://www.openarchives.org/OAI/2.0/OAI-PMH.xsd"><ListRecords><record><header><identifier>aleph-publish:004909078</identifier></header><metadata><record xmlns="http://www.ddb.de/professionell/mabxml/mabxml-1.xsd"><leader>00418vM2.01200024------h</leader><controlfield tag="LDR">00418vM2.01200024------h</controlfield><controlfield tag="FMT">MH</controlfield><datafield tag="001" ind1="-" ind2="1"><subfield code="a">HT004195079</subfield></datafield><datafield tag="002" ind1="a" ind2="1"><subfield code="a">19920512</subfield></datafield><datafield tag="003" ind1="-" ind2="1"><subfield code="a">20211206081800.0</subfield></datafield><datafield tag="022" ind1="-" ind2="1"><subfield code="a">CT005026251</subfield></datafield><datafield tag="025" ind1="o" ind2="1"><subfield code="a">1067434335</subfield></datafield><datafield tag="026" ind1="-" ind2="1"><subfield code="a">HBZHT004195079</subfield></datafield><controlfield tag="030">a|1uc||||||15</controlfield><datafield tag="036" ind1="a" ind2="1"><subfield code="a">DXDE</subfield></datafield><datafield tag="037" ind1="b" ind2="1"><subfield code="a">lat</subfield></datafield><controlfield tag="050">a|||||||||||||</controlfield><controlfield tag="051">n|||||||</controlfield><datafield tag="070" ind1="-" ind2="1"><subfield code="a">HBZ/OZK</subfield></datafield><datafield tag="070" ind1="b" ind2="1"><subfield code="a">6</subfield></datafield><datafield tag="080" ind1="-" ind2="1"><subfield code="a">60</subfield></datafield><datafield tag="100" ind1="-" ind2="1"><subfield code="p">Wesseling, Hermann</subfield><subfield code="9">(DE-588)124544185</subfield></datafield><datafield tag="101" ind1="-" ind2="1"><subfield code="p">Wesselingius, Hermannus</subfield></datafield><datafield tag="101" ind1="-" ind2="1"><subfield code="p">Wessling, Hermann</subfield></datafield><datafield tag="310" ind1="-" ind2="1"><subfield code="a">Nomognosticon iuris universi bipartitum, sive Aurifodina praecipuarum legum &amp; canonum in praxi versatilium, utriusque iuris tum publici tum privati</subfield></datafield><datafield tag="331" ind1="-" ind2="1"><subfield code="a">Nomognosticon Ivris Vniversi Bipartitvm, Sive Avrifodina Præecipuarum Legum &amp; Canonum in Praxi versatilium, utriusque Iuris tum Publici tum Privati</subfield></datafield><datafield tag="335" ind1="-" ind2="1"><subfield code="a">In Qva velut in imis Terra latebris venae Legalis Politiae pro utroque foro aperiuntur ... Per IV. Mundi Partes cum Novo Orbe Carolino ...</subfield></datafield><datafield tag="359" ind1="-" ind2="1"><subfield code="a">Authore R.P. Hermanno Wesselingio I.V.D. ...</subfield></datafield><datafield tag="419" ind1="-" ind2="1"><subfield code="a">Coloniæ Agrippinæ</subfield><subfield code="b">Kalckhoven</subfield><subfield code="c">1661</subfield></datafield><datafield tag="425" ind1="a" ind2="1"><subfield code="a">1661</subfield></datafield><datafield tag="433" ind1="-" ind2="1"><subfield code="a">8-o</subfield></datafield><datafield tag="501" ind1="-" ind2="1"><subfield code="p">Vorlageform der Veröffentlichungsangabe</subfield><subfield code="a">Apud Iodocum Kalcovium Bibliopolam</subfield></datafield><datafield tag="673" ind1="a" ind2="1"><subfield code="a">Köln</subfield><subfield code="9">(DE-588)4031483-2</subfield></datafield><controlfield tag="SYS">004909078</controlfield><datafield tag="088" ind1=" " ind2=" "><subfield code="a">6/NT</subfield></datafield></record></metadata></record></ListRecords></OAI-PMH>